@book{unitTesting,
author = "Fritz Solms",
title = "Unit Testing",
year = "2016",
publisher = "Computer Science Department, University of Pretoria"
}

@misc{downloadSpeed,
author = "Testmy.net",
title = "South Africa Speed Test",
howpublished = "\url{http://testmy.net/country/za}",
note = "Accessed: 2016-09-11"
}

@misc{integrationTest,
author = "Talveer Chaira",
title = "Integration and System Testing",
howpublished = "\url{http://cs.nott.ac.uk/~pszcah/G53QAT/Reports09/tsc07u/QAT09Report-tsc07u.doc}",
note = "Accessed: 2016-10-13"
}

@misc{integrationTest2,
author = "Wikipedia",
title = "Integration and System Testing",
howpublished = "\url{https://en.m.wikipedia.org/wiki/Integration_testing}",
note = "Accessed: 2016-10-13"
}